<record><leader>00000cas a2200000 a 4500</leader><controlfield tag="001">36671901</controlfield><controlfield tag="008">970403d19471961fludn ne      0    0eng c</controlfield><datafield ind1=" " ind2=" " tag="010"><subfield code="a">sn 97027565 </subfield></datafield><datafield ind1=" " ind2=" " tag="040"><subfield code="a">FUG</subfield><subfield code="b">eng</subfield><subfield code="c">FUG</subfield><subfield code="d">OCLCQ</subfield><subfield code="d">OCLCF</subfield><subfield code="d">OCLCO</subfield></datafield><datafield ind1="1" ind2=" " tag="029"><subfield code="a">AU@</subfield><subfield code="b">000013196478</subfield></datafield><datafield ind1=" " ind2=" " tag="042"><subfield code="a">pcc</subfield></datafield><datafield ind1=" " ind2=" " tag="043"><subfield code="a">n-us-fl</subfield></datafield><datafield ind1="0" ind2=" " tag="130"><subfield code="a">Daily highlander (Lake Wales, Fla. : 1947)</subfield></datafield><datafield ind1="1" ind2="4" tag="245"><subfield code="a">The daily highlander.</subfield></datafield><datafield ind1="1" ind2=" " tag="246"><subfield code="i">Issued on Sunday as:</subfield><subfield code="a">Sunday highlander</subfield></datafield><datafield ind1=" " ind2=" " tag="260"><subfield code="a">Lake Wales, Fla. :</subfield><subfield code="b">Highlander Pub. Co.,</subfield><subfield code="c">1947-</subfield></datafield><datafield ind1=" " ind2=" " tag="300"><subfield code="a">15 v.</subfield></datafield><datafield ind1=" " ind2=" " tag="310"><subfield code="a">Daily (Monday through Friday),</subfield><subfield code="b">-1961</subfield></datafield><datafield ind1=" " ind2=" " tag="321"><subfield code="a">Daily (except Saturday),</subfield><subfield code="b">1947-</subfield></datafield><datafield ind1="0" ind2=" " tag="362"><subfield code="a">Vol. 32, no. 20 (Sept. 27 [i.e 28], 1947)-</subfield></datafield><datafield ind1="1" ind2=" " tag="362"><subfield code="a">Ceased in June 1961.</subfield></datafield><datafield ind1=" " ind2=" " tag="515"><subfield code="a">Sunday issues have distinct numbering scheme; weekday issues during 1947 also called vol. 15.</subfield></datafield><datafield ind1=" " ind2=" " tag="588"><subfield code="a">Latest issue consulted: 46th year, no. 117 (June 15, 1961).</subfield></datafield><datafield ind1=" " ind2="0" tag="651"><subfield code="a">Lake Wales (Fla.)</subfield><subfield code="v">Newspapers.</subfield></datafield><datafield ind1=" " ind2="0" tag="651"><subfield code="a">Polk County (Fla.)</subfield><subfield code="v">Newspapers.</subfield></datafield><datafield ind1=" " ind2="7" tag="655"><subfield code="a">Newspapers.</subfield><subfield code="2">fast</subfield><subfield code="0">(OCoLC)fst01423814</subfield></datafield><datafield ind1=" " ind2="7" tag="651"><subfield code="a">Florida</subfield><subfield code="z">Lake Wales.</subfield><subfield code="2">fast</subfield><subfield code="0">(OCoLC)fst01215462</subfield></datafield><datafield ind1=" " ind2="7" tag="651"><subfield code="a">Florida</subfield><subfield code="z">Polk County.</subfield><subfield code="2">fast</subfield><subfield code="0">(OCoLC)fst01214944</subfield></datafield><datafield ind1=" " ind2=" " tag="752"><subfield code="a">United States</subfield><subfield code="b">Florida</subfield><subfield code="c">Polk</subfield><subfield code="d">Lake Wales.</subfield></datafield><datafield ind1="0" ind2="4" tag="780"><subfield code="t">Highlander (Lake Wales, Fla. : 1924)</subfield><subfield code="w">(DLC)sn 93068222</subfield><subfield code="w">(OCoLC)27856860</subfield></datafield><datafield ind1="0" ind2="4" tag="780"><subfield code="t">Lake Wales daily</subfield><subfield code="w">(DLC)sn 91066457</subfield><subfield code="w">(OCoLC)23660572</subfield></datafield><datafield ind1="0" ind2="0" tag="785"><subfield code="t">Highlander (Lake Wales, Fla. : 1961)</subfield><subfield code="w">(DLC)sn 97027566</subfield><subfield code="w">(OCoLC)36671903</subfield></datafield></record>